<record><leader>00000cas a22000007a 4500</leader><controlfield tag="001">19647065</controlfield><controlfield tag="008">890503d18881974gauwr ne      0    0eng d</controlfield><datafield ind1=" " ind2=" " tag="010"><subfield code="a">sn 89053057 </subfield></datafield><datafield ind1=" " ind2=" " tag="040"><subfield code="a">NLG</subfield><subfield code="b">eng</subfield><subfield code="c">NLG</subfield><subfield code="d">GUA</subfield><subfield code="d">OCLCQ</subfield><subfield code="d">OCLCF</subfield><subfield code="d">OCLCO</subfield></datafield><datafield ind1="1" ind2=" " tag="029"><subfield code="a">AU@</subfield><subfield code="b">000025900687</subfield></datafield><datafield ind1=" " ind2=" " tag="042"><subfield code="a">msc</subfield></datafield><datafield ind1=" " ind2=" " tag="043"><subfield code="a">n-us-ga</subfield></datafield><datafield ind1="0" ind2=" " tag="130"><subfield code="a">Times-Journal (Eastman, Ga.)</subfield></datafield><datafield ind1="1" ind2="4" tag="245"><subfield code="a">The times-journal.</subfield></datafield><datafield ind1=" " ind2=" " tag="260"><subfield code="a">Eastman, Ga. :</subfield><subfield code="b">Times-Journal Print. Co.,</subfield><subfield code="c">[1888-1974]</subfield></datafield><datafield ind1=" " ind2=" " tag="300"><subfield code="a">v.</subfield></datafield><datafield ind1=" " ind2=" " tag="310"><subfield code="a">Weekly,</subfield><subfield code="b">May 21, 1889-Aug. 1, 1974</subfield></datafield><datafield ind1=" " ind2=" " tag="321"><subfield code="a">Semiweekly,</subfield><subfield code="b">&lt;Feb. 1, 1889&gt;-May 17, 1889</subfield></datafield><datafield ind1="1" ind2=" " tag="362"><subfield code="a">Began in Dec. 1888.</subfield></datafield><datafield ind1="0" ind2=" " tag="362"><subfield code="a">-v. 102, no. 31 (Aug. 1, 1974).</subfield></datafield><datafield ind1=" " ind2=" " tag="530"><subfield code="a">Also on microfilm: Athens, Ga. : University of Georgia Libraries.</subfield></datafield><datafield ind1=" " ind2=" " tag="580"><subfield code="a">Formed by the union of: Eastman times (Eastman, Ga. L 1873), and: Dodge County journal.</subfield></datafield><datafield ind1=" " ind2=" " tag="580"><subfield code="a">Merged with: Dodge County spotlight, to form: New times journal spotlight.</subfield></datafield><datafield ind1=" " ind2=" " tag="588"><subfield code="a">Description based on: Vol. 1, no. 15 (Feb. 1, 1889).</subfield></datafield><datafield ind1=" " ind2="0" tag="651"><subfield code="a">Eastman (Ga.)</subfield><subfield code="v">Newspapers.</subfield></datafield><datafield ind1=" " ind2="0" tag="651"><subfield code="a">Dodge County (Ga.)</subfield><subfield code="v">Newspapers.</subfield></datafield><datafield ind1=" " ind2="7" tag="655"><subfield code="a">Newspapers.</subfield><subfield code="2">fast</subfield><subfield code="0">(OCoLC)fst01423814</subfield></datafield><datafield ind1=" " ind2="7" tag="651"><subfield code="a">Georgia</subfield><subfield code="z">Dodge County.</subfield><subfield code="2">fast</subfield><subfield code="0">(OCoLC)fst01215292</subfield></datafield><datafield ind1=" " ind2="7" tag="651"><subfield code="a">Georgia</subfield><subfield code="z">Eastman.</subfield><subfield code="2">fast</subfield><subfield code="0">(OCoLC)fst01217133</subfield></datafield><datafield ind1=" " ind2=" " tag="752"><subfield code="a">United States</subfield><subfield code="b">Georgia</subfield><subfield code="c">Dodge</subfield><subfield code="d">Eastman.</subfield></datafield><datafield ind1="1" ind2="4" tag="780"><subfield code="t">Eastman times (Eastman, Ga. : 1873)</subfield><subfield code="w">(DLC)sn 85034047</subfield><subfield code="w">(OCoLC)12382740</subfield></datafield><datafield ind1="1" ind2="4" tag="780"><subfield code="t">Dodge County journal</subfield><subfield code="w">(DLC)sn 89053056</subfield><subfield code="w">(OCoLC)19647124</subfield></datafield><datafield ind1="0" ind2="5" tag="780"><subfield code="t">Dodge County advertiser</subfield><subfield code="w">(DLC)sn 89053055</subfield><subfield code="w">(OCoLC)19647053</subfield></datafield><datafield ind1="1" ind2="7" tag="785"><subfield code="t">Dodge County spotlight</subfield></datafield><datafield ind1="1" ind2="7" tag="785"><subfield code="t">New times journal spotlight</subfield><subfield code="w">(DLC)sn 89053058</subfield><subfield code="w">(OCoLC)19647076</subfield></datafield></record>